@book{scott2011,
  title = {The SAGE Handbook of Social Network Analysis},
  author = {Scott, John and Carrington, Peter J},
  year = {2011},
  publisher = {SAGE publications},
}

@article{steger1999,
  title = {Generating Random Regular Graphs Quickly},
  author = {Steger, Angelika and Wormald, Nicholas C},
  journal = {Combinatorics, Probability and Computing},
  volume = {8},
  number = {4},
  pages = {377--396},
  year = {1999},
  publisher = {Cambridge University Press},
}

@article{watts1998,
  title = {Collective Dynamics of `Small-World' Networks},
  author = {Watts, Duncan J and Strogatz, Steven H},
  journal = {nature},
  volume = {393},
  number = {6684},
  pages = {440--442},
  year = {1998},
  publisher = {Nature Publishing Group},
}

@book{burt2007,
  title = {Brokerage and Closure: An Introduction to Social Capital},
  author = {Burt, Ronald S},
  year = {2007},
  publisher = {OUP Oxford},
}


@article{baker_faulkner_1993,
  year = {1993},
  title = {{The Social Organization of Conspiracy: Illegal Networks in the Heavy
           Electrical Equipment Industry}},
  author = {Baker, Wayne E and Faulkner, Robert R},
  journal = {American Sociological Review},
  pages = {837},
  number = {6},
  volume = {58},
}
