@book{scott2011,
  title={The SAGE Handbook of Social Network Analysis},
  author={Scott, John and Carrington, Peter J},
  year={2011},
  publisher={SAGE publications}
}

@article{steger1999,
  title={Generating Random Regular Graphs Quickly},
  author={Steger, Angelika and Wormald, Nicholas C},
  journal={Combinatorics, Probability and Computing},
  volume={8},
  number={4},
  pages={377--396},
  year={1999},
  publisher={Cambridge University Press}
}

@article{watts1998,
  title={Collective Dynamics of `Small-World' Networks},
  author={Watts, Duncan J and Strogatz, Steven H},
  journal={nature},
  volume={393},
  number={6684},
  pages={440--442},
  year={1998},
  publisher={Nature Publishing Group}
}

@book{burt2007,
  title={Brokerage and Closure: An Introduction to Social Capital},
  author={Burt, Ronald S},
  year={2007},
  publisher={OUP Oxford}
}


@article{baker_faulkner_1993, 
year = {1993}, 
title = {{The Social Organization of Conspiracy: Illegal Networks in the Heavy Electrical Equipment Industry}}, 
author = {Baker, Wayne E and Faulkner, Robert R}, 
journal = {American Sociological Review}, 
pages = {837}, 
number = {6}, 
volume = {58}, 
}

@article{sabidussi1966,
  title={The Centrality Index of a Graph},
  author={Sabidussi, Gert},
  journal={Psychometrika},
  volume={31},
  number={4},
  pages={581--603},
  year={1966},
  publisher={Springer}
}

@article{freeman1979,
  title={Centrality in Social Networks: Conceptual Clarification},
  author={Freeman, Linton C},
  journal={Social networks},
  volume={1},
  number={3},
  pages={215--239},
  year={1979},
  publisher={North-Holland}
}

@article{borgatti_everett2006,
  title={A Graph-Theoretic Perspective on Centrality},
  author={Borgatti, Stephen P and Everett, Martin G},
  journal={Social networks},
  volume={28},
  number={4},
  pages={466--484},
  year={2006},
  publisher={Elsevier}
}

@article{wasserman_faust1994,
  title={Social Network Analysis: Methods and Applications},
  author={Wasserman, Stanley and Faust, Katherine and others},
  year={1994},
  publisher={Cambridge University Press}
}

@article{peixoto2014,
  title={Efficient Monte Carlo and Greedy Heuristic for the Inference of Stochastic 
  Block Models},
  author={Peixoto, Tiago P},
  journal={Physical Review E},
  volume={89},
  number={1},
  pages={012804},
  year={2014},
  publisher={APS}
}

@article{moody_2001,
title={Race, school integration, and friendship segregation in America},
author={Moody, James},
journal={American Journal of Sociology},
volume={107},
number={3},
year={2001},
pages={679-716}
}

@article{mcpherson2001,
  title={Birds of a feather: Homophily in social networks},
  author={McPherson, Miller and Smith-Lovin, Lynn and Cook, James M},
  journal={Annual review of sociology},
  pages={415--444},
  year={2001},
  publisher={JSTOR}
}

@article{mcfarland2013,
  title={Making the connection: Social bonding in courtship situations},
  author={McFarland, Daniel A and Jurafsky, Dan and Rawlings, Craig},
  journal={American journal of sociology},
  volume={118},
  number={6},
  pages={1596--1649},
  year={2013},
  publisher={University of Chicago Press Chicago, IL}
}

@article{mcdonald2003,
  title={Getting by with the advice of their friends: CEOs' advice networks and firms' strategic responses to poor performance},
  author={McDonald, Michael L and Westphal, James D},
  journal={Administrative science quarterly},
  volume={48},
  number={1},
  pages={1--32},
  year={2003},
  publisher={SAGE Publications}
}

@article{kossinets2009,
  title={Origins of homophily in an evolving social network},
  author={Kossinets, Gueorgi and Watts, Duncan J},
  journal={American journal of sociology},
  volume={115},
  number={2},
  pages={405--450},
  year={2009},
  publisher={The University of Chicago Press}
}

@book{easley2010,
  title={Networks, crowds, and markets: Reasoning about a highly connected world},
  author={Easley, David and Kleinberg, Jon},
  year={2010},
  publisher={Cambridge university press}
}